<record><leader>01764cam a2200397 i 45 0</leader><controlfield tag="001">6789350</controlfield><controlfield tag="003">OCoLC</controlfield><controlfield tag="005">20150126161512.0</controlfield><controlfield tag="008">140327s2015    nyua   b bq   000 0 eng  </controlfield><datafield ind1=" " ind2=" " tag="010"><subfield code="a">  2014005329</subfield></datafield><datafield ind1=" " ind2=" " tag="020"><subfield code="a">9780545478533</subfield><subfield code="q">(hbk.)</subfield></datafield><datafield ind1=" " ind2=" " tag="020"><subfield code="a">0545478537</subfield><subfield code="q">(hbk.)</subfield></datafield><datafield ind1=" " ind2=" " tag="035"><subfield code="a">ocn875055783</subfield></datafield><datafield ind1=" " ind2=" " tag="040"><subfield code="a">DLC</subfield><subfield code="e">rda</subfield><subfield code="b">eng</subfield><subfield code="c">DLC</subfield><subfield code="d">IG#</subfield><subfield code="d">OCLCF</subfield><subfield code="d">JAI</subfield><subfield code="d">AFMK</subfield></datafield><datafield ind1=" " ind2=" " tag="043"><subfield code="a">n-us-va</subfield></datafield><datafield ind1="0" ind2="0" tag="050"><subfield code="a">HQ1031</subfield><subfield code="b">.A45 2015</subfield></datafield><datafield ind1="0" ind2="0" tag="082"><subfield code="a">306.84/6</subfield><subfield code="2">23</subfield></datafield><datafield ind1=" " ind2=" " tag="090"><subfield code="a">JUV ALK CAS 2015</subfield><subfield code="b">AFMK</subfield></datafield><datafield ind1="1" ind2=" " tag="100"><subfield code="a">Alko, Selina.</subfield></datafield><datafield ind1="1" ind2="4" tag="245"><subfield code="a">The case for loving :</subfield><subfield code="b">the fight for interracial marriage /</subfield><subfield code="c">by Selina Alko ; illustrated by Sean Qualls and Selina Alko.</subfield></datafield><datafield ind1="3" ind2="0" tag="246"><subfield code="a">Loving :</subfield><subfield code="b">the fight for interracial marriage</subfield></datafield><datafield ind1=" " ind2=" " tag="250"><subfield code="a">First edition</subfield></datafield><datafield ind1=" " ind2="1" tag="264"><subfield code="a">New York, NY :</subfield><subfield code="b">Arthur A. Levine Books, an imprint of Scholastic Inc.,</subfield><subfield code="c">[2015]</subfield></datafield><datafield ind1=" " ind2="4" tag="264"><subfield code="c">&#169;2015</subfield></datafield><datafield ind1=" " ind2=" " tag="300"><subfield code="a">36 un-numbered pages :</subfield><subfield code="b">illustrations (chiefly color) ;</subfield><subfield code="c">26 cm</subfield></datafield><datafield ind1=" " ind2=" " tag="336"><subfield code="a">text</subfield><subfield code="b">txt</subfield><subfield code="2">rdacontent</subfield></datafield><datafield ind1=" " ind2=" " tag="336"><subfield code="a">still image</subfield><subfield code="b">sti</subfield><subfield code="2">rdacontent</subfield></datafield><datafield ind1=" " ind2=" " tag="337"><subfield code="a">unmediated</subfield><subfield code="b">n</subfield><subfield code="2">rdamedia</subfield></datafield><datafield ind1=" " ind2=" " tag="338"><subfield code="a">volume</subfield><subfield code="b">nc</subfield><subfield code="2">rdacarrier</subfield></datafield><datafield ind1=" " ind2=" " tag="504"><subfield code="a">Includes filmography and bibliographical references.</subfield></datafield><datafield ind1=" " ind2=" " tag="520"><subfield code="a">The story of interracial couple Mildred and Richard Perry, who got married in Washington, D.C., and were arrested after they returned to Virginia, and took their legal case all the way to the U.S. Supreme Court.</subfield></datafield><datafield ind1=" " ind2="0" tag="650"><subfield code="a">Interracial marriage</subfield><subfield code="x">Law and legislation</subfield><subfield code="z">Virginia</subfield><subfield code="x">History</subfield><subfield code="y">20th century</subfield><subfield code="v">Juvenile literature.</subfield></datafield><datafield ind1=" " ind2="0" tag="650"><subfield code="a">Miscegenation</subfield><subfield code="v">Juvenile literature.</subfield></datafield><datafield ind1="1" ind2=" " tag="700"><subfield code="a">Qualls, Sean,</subfield><subfield code="e">illustrator.</subfield></datafield><datafield ind1=" " ind2=" " tag="596"><subfield code="a">8</subfield></datafield><datafield ind1=" " ind2=" " tag="926"><subfield code="a">JUV ALK CAS 2015</subfield><subfield code="w">LC</subfield><subfield code="c">1</subfield><subfield code="i">34917001374078</subfield><subfield code="d">3/1/2016</subfield><subfield code="e">2/29/2016</subfield><subfield code="l">JUVENILE</subfield><subfield code="m">KEYANO</subfield><subfield code="n">2</subfield><subfield code="p">$19.87</subfield><subfield code="r">Y</subfield><subfield code="s">Y</subfield><subfield code="t">CURR_BOOK</subfield><subfield code="u">1/26/2015</subfield><subfield code="o">.STAFF. Rec'd Mar/15 Ctts</subfield></datafield></record>